<?xml version="1.0" encoding="UTF-8"?><record xmlns="http://www.loc.gov/MARC21/slim" xmlns:cinclude="http://apache.org/cocoon/include/1.0" xmlns:zs="http://www.loc.gov/zing/srw/">
  <leader>00892cz  a2200193n  4500</leader>
  <controlfield tag="001">nr2006023530</controlfield>
  <controlfield tag="003">DLC</controlfield>
  <controlfield tag="005">20080829081007.0</controlfield>
  <controlfield tag="008">060907n| acannaabn          |b aaa     c</controlfield>
  <datafield tag="010" ind1=" " ind2=" ">
    <subfield code="a">nr2006023530</subfield>
  </datafield>
  <datafield tag="035" ind1=" " ind2=" ">
    <subfield code="a">(OCoLC)oca07046411</subfield>
  </datafield>
  <datafield tag="040" ind1=" " ind2=" ">
    <subfield code="a">NNC-EA</subfield>
    <subfield code="b">eng</subfield>
    <subfield code="c">NNC-EA</subfield>
    <subfield code="d">OCoLC</subfield>
  </datafield>
  <datafield tag="100" ind1="1" ind2=" ">
    <subfield code="a">Hagiwara, Yasuko,</subfield>
    <subfield code="d">1943-</subfield>
  </datafield>
  <datafield tag="400" ind1="1" ind2=" ">
    <subfield code="a">萩原康子,</subfield>
    <subfield code="d">1943-</subfield>
  </datafield>
  <datafield tag="667" ind1=" " ind2=" ">
    <subfield code="a">Machine-derived non-Latin script reference project.</subfield>
  </datafield>
  <datafield tag="667" ind1=" " ind2=" ">
    <subfield code="a">Non-Latin script reference not evaluated.</subfield>
  </datafield>
  <datafield tag="670" ind1=" " ind2=" ">
    <subfield code="a">Senmonshoku no joseitachi, 2006:</subfield>
    <subfield code="b">added t.p. (Hagiwara Yasuko) original colophon (b. 1943; master in social sciences, Toritsu Daigaku; with Tōkyō-to Shakei Kagaku Sōgō Kenkyūjo Shakaigaku Kenkyūshitsu)</subfield>
  </datafield>
  <datafield tag="670" ind1=" " ind2=" ">
    <subfield code="a">Tokyo Metropolitan Library name authority file, Sept. 7, 2006</subfield>
    <subfield code="b">(hdg.: Hagiwara, Yasuko; r)</subfield>
  </datafield>
  <datafield tag="670" ind1=" " ind2=" ">
    <subfield code="a">LC database, Sept. 7, 2006</subfield>
    <subfield code="b">(hdg.: Hagiwara, Yasuko, 1943- [from old catalog])</subfield>
  </datafield>
</record>